@article{Broder2000,
title = "Graph structure in the Web",
journal = "Computer Networks",
volume = "33",
number = "1",
pages = "309 - 320",
year = "2000",
issn = "1389-1286",
doi = "10.1016/S1389-1286(00)00083-9",
url = "http://www.sciencedirect.com/science/article/pii/S1389128600000839",
author = "Andrei Broder and Ravi Kumar and Farzin Maghoul and Prabhakar Raghavan and Sridhar Rajagopalan and Raymie Stata and Andrew Tomkins and Janet Wiener",
keywords = "Graph structure, Diameter, Web measurement",
}

@article{Fujita2019,
  title={Local bow-tie structure of the web},
  author={Yuji Fujita and Yuichi Kichikawa and Yoshi Fujiwara and Wataru Souma and Hiroshi Iyetomi},
  journal={Applied Network Science},
  volume={4},
  number={15},
  year={2019}
}

@article{Maesa2019,
  title={The bow tie structure of the Bitcoin users graph},
  author={Maesa, Damiano Di Francesco and Marino, Andrea and Ricci, Laura},
  journal={Applied Network Science},
  volume={4},
  number={1},
  year={2019},
  doi = "10.1007/s41109-019-0163-y"
}

@article{Chen2011,
author = {Chen, Lin and Nayak, Richi},
title = {Social Network Analysis of an Online Dating Network},
year = {2011},
isbn = {9781450308243},
publisher = {Association for Computing Machinery},
address = {New York, NY, USA},
url = {https://doi.org/10.1145/2103354.2103361},
doi = {10.1145/2103354.2103361},
booktitle = {Proceedings of the 5th International Conference on Communities and Technologies},
pages = {41–49},
numpages = {9},
keywords = {online dating network, social network analysis, user profile, user preference},
location = {Brisbane, Australia},
series = {CT '11}
}

@article{Vitali2011,
  title={The Network of Global Corporate Control},
  author={Stefania Vitali and James B. Glattfelder and Stefano Battiston },
  journal={PLoS ONE},
  volume={6},
  number={10},
  year={2011},
  doi = "10.1371/journal.pone.0025995"
}

@article{Mattie2018,
  title={Understanding tie strength in social networks using a local “bow tie” framework},
  author={Mattie, Heather and Engø-Monsen, Kenth and Ling, Rich and Onnela, Jukka-Pekka},
  journal={Scientific Reports},
  volume={8},
  number={1},
  year={2018},
  doi = "10.1038/s41598-018-27290-8"
}

@article{Csete2004,
title = "Bow ties, metabolism and disease",
journal = "Trends in Biotechnology",
volume = "22",
number = "9",
pages = "446 - 450",
year = "2004",
issn = "0167-7799",
doi = "10.1016/j.tibtech.2004.07.007",
url = "http://www.sciencedirect.com/science/article/pii/S0167779904002008",
author = "Marie Csete and John Doyle",
}

@article{Friedlander2015,
title = "Evolution of Bow-Tie Architectures in Biology",
journal = "PLoS Comput Biology",
volume = "11",
number = "3",
year = "2015",
doi = "10.1371/journal.pcbi.1004055",
author = "Tamar Friedlander and Avraham E. Mayo and Tsvi Tlusty and Uri Alon",
}

@article{Guo2019,
title = "Graph structure and statistical properties of Ethereum transaction relationships",
journal = "Information Sciences",
volume = "492",
pages = "58 - 71",
year = "2019",
issn = "0020-0255",
doi = "10.1016/j.ins.2019.04.013",
url = "http://www.sciencedirect.com/science/article/pii/S0020025519303159",
author = "Dongchao Guo and Jiaqing Dong and Kai Wang",
keywords = "Blockchain, Ethereum, Transaction relationships, Heavy tail, Power law",
}

@incollection{Fujiwara2020,
  author      = "Yoshi Fujiwara and Rubaiyat Islam",
  title       = "Hodge Decomposition of Bitcoin Money Flow",
  editor      = "Lukáš Pichl and Cheoljun Eom and Enrico Scalas and Taisei Kaizoji",
  booktitle   = "Advanced Studies of Financial Technologies and Cryptocurrency Markets",
  publisher   = "Springer, Singapore",
  year        = "2020",
  pages       = "117 - 138",
  chapter     = "7",
}

@article{Baumann2014,
title = "Exploring the Bitcoin Network",
author = "Annika Baumann and Benjamin Fabian and Matthias Lischke",
journal = "Information Sciences",
year = "2014",
doi = "10.5220/0004937303690374",
url = "https://www.researchgate.net/publication/262562539_Exploring_the_Bitcoin_Network"
}

@article{Kondor2014,
title = "Do the Rich Get Richer? An Empirical Analysis of the Bitcoin Transaction Network",
journal = "PLoS ONE",
volume = "9",
number = "2",
year = "2014",
doi = "10.1371/journal.pone.0086197",
author = "Dániel Kondor and Márton Pósfai and István Csabai and Gábor Vattay",
}

@article{Lischke2016,
title = "Analyzing the Bitcoin Network: The First Four Years",
journal = "Future Internet",
volume = "8",
number = "1",
year = "2016",
doi = "10.3390/fi8010007",
author = "Matthias Lischke and Benjamin Fabian",
}

@techreport{Nakamoto2008,
     title = {Bitcoin: A Peer-to-Peer Electronic Cash System},
     author = {Satoshi Nakamoto},
     year = {2008},
     institution = {Satoshi Nakamoto Institute},
     month = {10},
     Date-Added = {2010-10-31},
}
